% This file was created with JabRef 2.10.
% Encoding: UTF8

@online{fiduciagad,
	author					= {{Fiducia \& GAD IT AG}},
	title					= {Fiducia \& GAD IT AG Über uns},
	url						= {https://www.fiduciagad.de/ueber-uns.html},
	year					= {2016},
	urldate					= {2016-07-13}
}

@online{marisk,
	author					= {{Bundesanstalt für Finanzdienstleistungsaufsicht}},
	title					= {Erläuterung zu den MaRisk in der Fassung vom 14.12.2012},
	url						= {https://www.bafin.de/SharedDocs/Downloads/DE/Rundschreiben/dl_rs1210_erlaeuterungen_ba.pdf?__blob=publicationFile&v=1},
	year					= {2012},
	urldate					= {2016-07-14}
}

@book{webbasics,
	author					= {Mark Lubkowitz},
	title					= {Webseiten programmieren und gestalten},
	publisher 				= {Galileo Computing},
	year 					= {2007},
	edition					= {3}
}

@book{javascript,
	author					= {David Flanagan},
	title					= {JavaScript: das umfassende Referenzwerk},
	publisher 				= {O'Reilly Germany},
	year 					= {2007},
	edition					= {5}
}

@book{websockets,
	author					= {Vanessa Wang and Frank Salim and Peter Moskovits},
	title					= {The Definitive Guide to HTML5 WebSocket},
	publisher 				= {Apress},
	year 					= {2013},
	edition					= {1}
}

@book{jquery,
	author					= {Maximilian Vollendorf and Frank Bongers},
	title					= {jQuery: Das Praxisbuch},
	publisher 				= {Galileo Computing},
	year 					= {2011},
	edition					= {2}
}

@online{datatables,
	author					= {{SpryMedia Ltd}},
	title					= {DataTables - Table plug-in for jQuery},
	url						= {https://datatables.net/},
	year					= {2016},
	urldate					= {2016-07-19}
}

@book{javaspecification,
	author					= {James Gosling and Bill Joy and Guy Steele and Gilad Bracha and Alex Buckley},
	title					= {The Java Language Specification - Java SE 8 Edition},
	publisher 				= {Addison-Wesley},
	year 					= {2014},
	edition					= {5}
}

@book{javainsel,
	author					= {Christian Ullenboom},
	title					= {Java ist auch eine Insel: Das umfassende Handbuch},
	publisher 				= {Galileo Computing},
	year 					= {2011},
	edition					= {9}
}

@book{tomcat,
	author					= {Aleksa Vukotic and James Goodwill},
	title					= {Apache Tomcat 7},
	publisher 				= {Apress},
	year 					= {2011},
	edition					= {1}
}

@book{servlets,
	author					= {Jason Hunter and William Crawford},
	title					= {Java Servlet Programming},
	publisher 				= {O'Reilly Media},
	year 					= {2001},
	edition					= {2}
}

@book{gradle,
	author					= {Joachim Baumann},
	title					= {Gradle: Ein kompakter Einstieg in das Build-Management-System},
	publisher 				= {dpunkt.verlag},
	year 					= {2013},
	edition					= {1}
}

@book{compiler,
	author					= {Jeffrey D. Ullman and Monica S. Lam and Ravi Sethi and  	
Alfred V. Aho},
	title					= {Compiler: Prinzipien, Techniken und Werkzeuge},
	publisher 				= {Pearson Studium},
	year 					= {2008},
	edition					= {2}
}

@book{automaten,
	author					= {Peter Sander and Wolffried Stucky and Rudolf Herschel},
	title					= {Automaten Sprachen Berechenbarkeit - Grundkurs Angewandte Informatik IV},
	publisher 				= {B. G. Teubner Stuttgart},
	year 					= {1992},
	edition					= {1}
}

@book{regex,
	author					= {Jeffrey E. F. Friedl},
	title					= {Reguläre Ausdrücke},
	publisher 				= {O'Reilly Verlag},
	year 					= {2008},
	edition					= {3}
}

@misc{compilerbau,
	author					= {Jürgen Vollmer},
	title					= {Formale Sprachen und Übersetzerbau},
	year 					= {2016},
	note					= {Manuskript Übersetzerbau}
}